@article{lynam2000interaction,
  title={The interaction between impulsivity and neighborhood context on offending: the effects of impulsivity are stronger in poorer neighborhoods.},
  author={Lynam, Donald R and Caspi, Avshalom and Moffit, Terrie E and Wikstr{\"o}m, Per-Olof and Loeber, Rolf and Novak, Scott},
  journal={Journal of abnormal psychology},
  volume={109},
  number={4},
  pages={563},
  year={2000},
  publisher={American Psychological Association}
}

@article{cooper2009strong,
  title={The strong situation hypothesis},
  author={Cooper, William H and Withey, Michael J},
  journal={Personality and Social Psychology Review},
  volume={13},
  number={1},
  pages={62--72},
  year={2009},
  publisher={Sage Publications Sage CA: Los Angeles, CA}
}

@article{wagerman2009personality,
  title={Personality psychology of situations.},
  author={Wagerman, Seth A and Funder, David C},
  year={2009},
  publisher={Cambridge University Press}
}

@article{tuvblad2006heritability,
  title={Heritability for adolescent antisocial behavior differs with socioeconomic status: gene--environment interaction},
  author={Tuvblad, Catherine and Grann, Martin and Lichtenstein, Paul},
  journal={Journal of Child Psychology and Psychiatry},
  volume={47},
  number={7},
  pages={734--743},
  year={2006},
  publisher={Wiley Online Library}
}

@article{ayer2011adolescent,
  title={Adolescent personality profiles, neighborhood income, and young adult alcohol use: a longitudinal study},
  author={Ayer, Lynsay and Rettew, David and Althoff, Robert R and Willemsen, Gonneke and Ligthart, Lannie and Hudziak, James J and Boomsma, Dorret I},
  journal={Addictive behaviors},
  volume={36},
  number={12},
  pages={1301--1304},
  year={2011},
  publisher={Elsevier}}

@article{ogden2014prevalence,
  title={Prevalence of childhood and adult obesity in the United States, 2011-2012},
  author={Ogden, Cynthia L and Carroll, Margaret D and Kit, Brian K and Flegal, Katherine M},
  journal={Jama},
  volume={311},
  number={8},
  pages={806--814},
  year={2014},
  publisher={American Medical Association}
}

@article{ogden2012prevalence,
  title={Prevalence of obesity and trends in body mass index among US children and adolescents, 1999-2010},
  author={Ogden, Cynthia L and Carroll, Margaret D and Kit, Brian K and Flegal, Katherine M},
  journal={Jama},
  volume={307},
  number={5},
  pages={483--490},
  year={2012},
  publisher={American Medical Association}
}

@article{frieden2010reducing,
  title={Reducing childhood obesity through policy change: acting now to prevent obesity},
  author={Frieden, Thomas R and Dietz, William and Collins, Janet},
  journal={Health affairs},
  volume={29},
  number={3},
  pages={357--363},
  year={2010}
}

@book{healthy2000healthy,
  title={Healthy people 2010: understanding and improving health},
  author={{Healthy People}},
  year={2000},
  publisher={US Dept. of Health and Human Services}
}

@misc{us2014healthy,
  title={Healthy People 2020. Washington, DC},
  author={{Healthy People}},
  journal={US Department of Health and Human Services and Office of Disease Prevention and Health Promotion },
  year={2014}
}

@article{office2001surgeon,
  title={The Surgeon General's call to action to prevent and decrease overweight and obesity},
  author={{Surgeon General}},
  year={2001},
  publisher={Office of the Surgeon General (US)}
}

@article{dietz2001preventing,
  title={Preventing obesity in children and adolescents},
  author={Dietz, William H and Gortmaker, Steven L},
  journal={Annual review of public health},
  volume={22},
  number={1},
  pages={337--353},
  year={2001},
  publisher={Annual Reviews 4139 El Camino Way, PO Box 10139, Palo Alto, CA 94303-0139, USA}
}

@article{khan2009recommended,
  title={Recommended community strategies and measurements to prevent obesity in the United States},
  author={Khan, Laura Kettel and Sobush, Kathleen and Keener, Dana and Goodman, Kenneth and Lowry, Amy and Kakietek, Jakub and Zaro, Susan},
  journal={Morbidity and Mortality Weekly Report: Recommendations and Reports},
  volume={58},
  number={7},
  pages={1--29},
  year={2009},
  publisher={JSTOR}
}

@article{centers2015bmi,
  title={About BMI for children and teens.},
  author={Centers for Disease Control and Prevention},
  journal={Retrieved from CDC website: http://www. cdc. gov/healthyweight/assessing/bmi/childrens\_bmi/about\_childrens\_bmi. html},
  year={2015}
}

@misc{dietz1999introduction,
  title={Introduction: the use of body mass index to assess obesity in children},
  author={Dietz, William H and Bellizzi, Mary C},
  year={1999},
  publisher={Oxford University Press}
}

@article{who2011,
  title={Obesity and overweight},
  author={{World Health Organization}},
  journal={Retrieved from http://www.who.int/mediacentre/factsheets/fs311/en/print.html},
  year={2011}
}

@article{siervogel2003puberty,
  title={Puberty and body composition},
  author={Siervogel, Roger M and Demerath, Ellen W and Schubert, Christine and Remsberg, Karen E and Chumlea, William Cameron and Sun, Shumei and Czerwinski, Stefan A and Towne, Bradford},
  journal={Hormone Research in Paediatrics},
  volume={60},
  number={Suppl. 1},
  pages={36--45},
  year={2003},
  publisher={Karger Publishers}
}

@article{killen1994pursuit,
  title={Pursuit of thinness and onset of eating disorder symptoms in a community sample of adolescent girls: A three-year prospective analysis},
  author={Killen, Joel D and Taylor, C Barr and Hayward, Chris and Wilson, Darrell M and Haydel, K Farish and Hammer, Lawrence D and Simmonds, Beverly and Robinson, Thomas N and Litt, Iris and Varady, Ann and others},
  journal={International Journal of Eating Disorders},
  volume={16},
  number={3},
  pages={227--238},
  year={1994},
  publisher={Wiley Online Library}
}

@article{story1991demographic,
  title={Demographic and risk factors associated with chronic dieting in adolescents},
  author={Story, Mary and Rosenwinkel, Kim and Himes, John H and Resnick, Michael and Harris, Linda J and Blum, Robert Wm},
  journal={American Journal of Diseases of Children},
  volume={145},
  number={9},
  pages={994--998},
  year={1991},
  publisher={American Medical Association}
}

@article{striegel1986toward,
  title={Toward an understanding of risk factors for bulimia.},
  author={Striegel-Moore, Ruth H and Silberstein, Lisa R and Rodin, Judith},
  journal={American psychologist},
  volume={41},
  number={3},
  pages={246},
  year={1986},
  publisher={American Psychological Association}
}

@article{hampson2007mechanisms,
  title={Mechanisms by which childhood personality traits influence adult health status: Educational attainment and healthy behaviors.},
  author={Hampson, Sarah E and Goldberg, Lewis R and Vogt, Thomas M and Dubanoski, Joan P},
  journal={Health psychology},
  volume={26},
  number={1},
  pages={121},
  year={2007},
  publisher={American Psychological Association}
}

@article{bibiloni2013prevalence,
  title={Prevalence of overweight and obesity in adolescents: a systematic review},
  author={Bibiloni, Maria del Mar and Pons, Antoni and Tur, Josep A},
  journal={ISRN obesity},
  volume={2013},
  year={2013},
  publisher={Hindawi Publishing Corporation}
}

@article{daniels1997utility,
  title={The utility of body mass index as a measure of body fatness in children and adolescents: differences by race and gender},
  author={Daniels, Stephen R and Khoury, Philip R and Morrison, John A},
  journal={Pediatrics},
  volume={99},
  number={6},
  pages={804--807},
  year={1997},
  publisher={Am Acad Pediatrics}
}

@article{taylor1997gender,
  title={Gender differences in body fat content are present well before puberty},
  author={Taylor, Rachel W and Gold, E and Manning, P and Goulding, A},
  journal={International journal of obesity},
  volume={21},
  number={11},
  pages={1082},
  year={1997},
  publisher={Nature Publishing Group}
}

@article{djordjevic2013nutritional,
  title={Nutritional and physical activity behaviours and habits in adolescent population of Belgrade},
  author={Djordjevi{\'c}-Niki{\'c}, Marina and Dopsaj, Milivoj and Veskovi{\'c}, Ana},
  journal={Vojnosanitetski pregled},
  volume={70},
  number={6},
  pages={548--554},
  year={2013}
}

@article{neumarkeffect,
  title={Effect of Socioeconomic Status on Weight Change Patterns in Adolescents},
  author={Sherwood, N E and Wall, M and Neumark-Sztainer, D and Story, M},
  journal={Preventing chronic disease},
  volume={6},
  issue = {1},
  year={2009}
  }
  
  @article{smiith2004,
  title={Unraveling the SES health connection},
  author={Smith, J P},
  journal={Aging, Health, and Public Policy: Demographic and Economic Perspectives},
  volume={30},
  year = {2004},
  pages={133-150}
  }
  
  @article{bogg2004conscientiousness,
  title={Conscientiousness and health-related behaviors: a meta-analysis of the leading behavioral contributors to mortality.},
  author={Bogg, Tim and Roberts, Brent W},
  journal={Psychological bulletin},
  volume={130},
  number={6},
  pages={887},
  year={2004},
  publisher={American Psychological Association}
}

@article{liang2014neurocognitive,
  title={Neurocognitive correlates of obesity and obesity-related behaviors in children and adolescents},
  author={Liang, J and Matheson, BE and Kaye, WH and Boutelle, KN},
  journal={International journal of obesity},
  volume={38},
  number={4},
  pages={494},
  year={2014},
  publisher={Nature Publishing Group}
}

@article{terracciano2009facets,
  title={Facets of personality linked to underweight and overweight},
  author={Terracciano, Antonio and Sutin, Angelina R and McCrae, Robert R and Deiana, Barbara and Ferrucci, Luigi and Schlessinger, David and Uda, Manuela and Costa Jr, Paul T},
  journal={Psychosomatic medicine},
  volume={71},
  number={6},
  pages={682},
  year={2009},
  publisher={NIH Public Access}
}

@article{rhodes2006personality,
  title={Personality correlates of physical activity: a review and meta-analysis},
  author={Rhodes, RE and Smith, NEI},
  journal={British journal of sports medicine},
  volume={40},
  number={12},
  pages={958--965},
  year={2006},
  publisher={British Association of Sport and Excercise Medicine}
}

@article{evers2011shaping,
  title={The shaping role of hunger on self-reported external eating status},
  author={Evers, Catharine and Stok, F Marijn and Danner, Unna N and Salmon, Stefanie J and de Ridder, Denise TD and Adriaanse, Marieke A},
  journal={Appetite},
  volume={57},
  number={2},
  pages={318--320},
  year={2011},
  publisher={Elsevier}
}

@article{heaven2001neuroticism,
  title={Neuroticism and conscientiousness as predictors of emotional, external, and restrained eating behaviors},
  author={Heaven, Patrick CL and Mulligan, Kathryn and Merrilees, Robyn and Woods, Teneille and Fairooz, Yasmeen},
  journal={International Journal of Eating Disorders},
  volume={30},
  number={2},
  pages={161--166},
  year={2001},
  publisher={Wiley Online Library}
}

@article{kakizaki2008personality,
  title={Personality and body mass index: a cross-sectional analysis from the Miyagi Cohort Study},
  author={Kakizaki, Masako and Kuriyama, Shinichi and Sato, Yuki and Shimazu, Taichi and Matsuda-Ohmori, Kaori and Nakaya, Naoki and Fukao, Akira and Fukudo, Shin and Tsuji, Ichiro},
  journal={Journal of psychosomatic research},
  volume={64},
  number={1},
  pages={71--80},
  year={2008},
  publisher={Elsevier}
}

@article{sutin2015personality,
  title={Personality traits and body mass index in Asian populations},
  author={Sutin, Angelina R and Stephan, Yannick and Wang, Lei and Gao, Shoumin and Wang, Ping and Terracciano, Antonio},
  journal={Journal of research in personality},
  volume={58},
  pages={137--142},
  year={2015},
  publisher={Elsevier}
}

@article{sutin2011personality,
  title={Personality and obesity across the adult life span.},
  author={Sutin, Angelina R and Ferrucci, Luigi and Zonderman, Alan B and Terracciano, Antonio},
  journal={Journal of personality and social psychology},
  volume={101},
  number={3},
  pages={579},
  year={2011},
  publisher={American Psychological Association}
}

@article{sullivan2007personality,
  title={Personality characteristics in obesity and relationship with successful weight loss},
  author={Sullivan, S and Cloninger, CR and Przybeck, TR and Klein, S},
  journal={International Journal of Obesity},
  volume={31},
  number={4},
  pages={669},
  year={2007},
  publisher={Nature Publishing Group}
}

@article{van2006diet,
  title={Diet and personality: Associations in a population-based sample},
  author={van den Bree, Marianne BM and Przybeck, Thomas R and Cloninger, C Robert},
  journal={Appetite},
  volume={46},
  number={2},
  pages={177--188},
  year={2006},
  publisher={Elsevier}
}

@article{cournot2006relation,
  title={Relation between body mass index and cognitive function in healthy middle-aged men and women},
  author={Cournot, MCMJ and Marquie, JC and Ansiau, D and Martinaud, C and Fonds, H and Ferrieres, J and Ruidavets, JB},
  journal={Neurology},
  volume={67},
  number={7},
  pages={1208--1214},
  year={2006},
  publisher={AAN Enterprises}
}

@article{hirshman2004evidence,
  title={Evidence that androgenic and estrogenic metabolites contribute to the effects of dehydroepiandrosterone on cognition in postmenopausal women},
  author={Hirshman, Elliot and Merritt, Paul and Wang, Cecilia CL and Wierman, Margaret and Budescu, David V and Kohrt, Wendy and Templin, Jonathan L and Bhasin, Shalender},
  journal={Hormones and behavior},
  volume={45},
  number={2},
  pages={144--155},
  year={2004},
  publisher={Elsevier}
}

@article{li1995study,
  title={A study of intelligence and personality in children with simple obesity.},
  author={Li, Xaioming},
  journal={International journal of obesity and related metabolic disorders: journal of the International Association for the Study of Obesity},
  volume={19},
  number={5},
  pages={355--357},
  year={1995}
}

@article{elias2005obesity,
  title={Obesity, diabetes and cognitive deficit: the Framingham Heart Study},
  author={Elias, Merrill F and Elias, Penelope K and Sullivan, Lisa M and Wolf, Philip A and D’Agostino, Ralph B},
  journal={Neurobiology of aging},
  volume={26},
  number={1},
  pages={11--16},
  year={2005},
  publisher={Elsevier}
}

@article{lawlor2006childhood,
  title={Childhood intelligence, educational attainment and adult body mass index: findings from a prospective cohort and within sibling-pairs analysis},
  author={Lawlor, DA and Clark, Heather and Smith, G Davey and Leon, DA},
  journal={International Journal of Obesity},
  volume={30},
  number={12},
  pages={1758},
  year={2006},
  publisher={Nature Publishing Group}
}

@article{mond2007associations,
  title={Associations between obesity and developmental functioning in pre-school children: a population-based study},
  author={Mond, JM and Stich, H and Hay, PJ and Kr{\"a}mer, Alexander and Baune, BT},
  journal={International journal of obesity},
  volume={31},
  number={7},
  pages={1068},
  year={2007},
  publisher={Nature Publishing Group}
}

@article{sabia2008body,
  title={Body mass index over the adult life course and cognition in late midlife: the Whitehall II Cohort Study},
  author={Sabia, S{\'e}verine and Kivimaki, Mika and Shipley, Martin J and Marmot, Michael G and Singh-Manoux, Archana},
  journal={The American journal of clinical nutrition},
  volume={89},
  number={2},
  pages={601--607},
  year={2008},
  publisher={Oxford University Press}
}

@article{veldwijk2011body,
  title={Body mass index and cognitive ability of young children},
  author={Veldwijk, Jorien and Scholtens, Salome and Hornstra, Gerard and Bemelmans, Wanda JE},
  journal={Obesity facts},
  volume={4},
  number={4},
  pages={264--269},
  year={2011},
  publisher={Karger Publishers}
}

@article{teasdale1992intelligence,
  title={Intelligence and educational level in relation to body mass index of adult males.},
  author={Teasdale, TW and S{\o}rensen, TIA and Stunkard, AJ},
  journal={Human Biology},
  volume={64},
  number={1},
  year={1992}
}

@article{adler2008us,
  title={US disparities in health: descriptions, causes, and mechanisms},
  author={Adler, Nancy E and Rehkopf, David H},
  journal={Annu. Rev. Public Health},
  volume={29},
  pages={235--252},
  year={2008},
  publisher={Annual Reviews}
}

@article{krieger1997measuring,
  title={Measuring social class in US public health research: concepts, methodologies, and guidelines},
  author={Krieger, Nancy and Williams, David R and Moss, Nancy E},
  journal={Annual review of public health},
  volume={18},
  number={1},
  pages={341--378},
  year={1997},
  publisher={Annual Reviews 4139 El Camino Way, PO Box 10139, Palo Alto, CA 94303-0139, USA}
}

@book{lynch2000socioeconomic,
  title={Socioeconomic position},
  author={Lynch, John and Kaplan, George and others},
  volume={2000},
  year={2000},
  publisher={Social epidemiology. New York: Oxford University Press}
}

@article{shanahan2014conscientiousness,
  title={Conscientiousness, health, and aging: the life course of personality model.},
  author={Shanahan, Michael J and Hill, Patrick L and Roberts, Brent W and Eccles, Jacquelynne and Friedman, Howard S},
  journal={Developmental Psychology},
  volume={50},
  number={5},
  pages={1407},
  year={2014},
  publisher={American Psychological Association}
}

@article{shrewsbury2008socioeconomic,
  title={Socioeconomic status and adiposity in childhood: a systematic review of cross-sectional studies 1990--2005},
  author={Shrewsbury, Vanessa and Wardle, Jane},
  journal={Obesity},
  volume={16},
  number={2},
  pages={275--284},
  year={2008},
  publisher={Wiley Online Library}
}

@article{booth1999sociodemographic,
  title={Sociodemographic distribution of measures of body fatness among children and adolescents in New South Wales, Australia},
  author={Booth, ML and Macaskill, P and Lazarus, R and Baur, LA},
  journal={International Journal of Obesity},
  volume={23},
  number={5},
  pages={456},
  year={1999},
  publisher={Nature Publishing Group}
}

@article{bove2006obesity,
  title={Obesity in low-income rural women: qualitative insights about physical activity and eating patterns},
  author={Bove, Caron F and Olson, Christine M},
  journal={Women \& Health},
  volume={44},
  number={1},
  pages={57--78},
  year={2006},
  publisher={Taylor \& Francis}
}

@article{molnar2004unsafe,
  title={Unsafe to play? Neighborhood disorder and lack of safety predict reduced physical activity among urban children and adolescents},
  author={Molnar, Beth E and Gortmaker, Steven L and Bull, Fiona C and Buka, Stephen L},
  journal={American journal of health promotion},
  volume={18},
  number={5},
  pages={378--386},
  year={2004},
  publisher={SAGE Publications Sage CA: Los Angeles, CA}
}

@article{wang2007,
  title={Obesity and related risk factors among low socio-economic status minority students in Chicago},
  author={Wang, Y and Liang, L and Tussing, C and Braunschweig, C and Caballero B, and Flay, B},
  journal={Public Health Nutrition},
  volume={10},
  number={9},
  pages={927--938},
  year={2007}
}

@article{fokeena2012there,
  title={Is there an association between socioeconomic status and body mass index among adolescents in mauritius?},
  author={Fokeena, Waqia Begum and Jeewon, Rajesh},
  journal={The Scientific World Journal},
  volume={2012},
  year={2012},
  publisher={Hindawi}
}

@article{steele1991eats,
  title={Who eats what? A comparison of dietary patterns among men and women in different occupational groups},
  author={Steele, Paula and Dobson, Annette and Alexander, Hilary and Russell, Anne},
  journal={Australian Journal of Public Health},
  volume={15},
  number={4},
  pages={286--295},
  year={1991},
  publisher={Wiley Online Library}
}

@article{smith1992public,
  title={Public health implications of dietary differences between social status and occupational category groups.},
  author={Smith, Alison M and Baghurst, Katrine I},
  journal={Journal of Epidemiology \& Community Health},
  volume={46},
  number={4},
  pages={409--416},
  year={1992},
  publisher={BMJ Publishing Group Ltd}
}

@article{brown2015addressing,
  title={Addressing childhood obesity: opportunities for prevention},
  author={Brown, Callie L and Halvorson, Elizabeth E and Cohen, Gail M and Lazorick, Suzanne and Skelton, Joseph A},
  journal={Pediatric Clinics},
  volume={62},
  number={5},
  pages={1241--1261},
  year={2015},
  publisher={Elsevier}
}

@article{drenowatz2010influence,
  title={Influence of socio-economic status on habitual physical activity and sedentary behavior in 8-to 11-year old children},
  author={Drenowatz, Clemens and Eisenmann, Joey C and Pfeiffer, Karin A and Welk, Greg and Heelan, Kate and Gentile, Douglas and Walsh, David},
  journal={BMC public health},
  volume={10},
  number={1},
  pages={214},
  year={2010},
  publisher={BioMed Central}
}

@article{morgenstern2009relation,
  title={Relation between socioeconomic status and body mass index: evidence of an indirect path via television use},
  author={Morgenstern, Matthis and Sargent, James D and Hanewinkel, Reiner},
  journal={Archives of pediatrics \& adolescent medicine},
  volume={163},
  number={8},
  pages={731--738},
  year={2009},
  publisher={American Medical Association}
}

@article{hanson2007socioeconomic,
  title={Socioeconomic status and health behaviors in adolescence: a review of the literature},
  author={Hanson, Margaret D and Chen, Edith},
  journal={Journal of behavioral medicine},
  volume={30},
  number={3},
  pages={263},
  year={2007},
  publisher={Springer}
}

@article{inchley2005persistent,
  title={Persistent socio-demographic differences in physical activity among Scottish schoolchildren 1990--2002},
  author={Inchley, Joanna C and Currie, Dorothy B and Todd, Joanna M and Akhtar, Patricia C and Currie, Candace E},
  journal={The European Journal of Public Health},
  volume={15},
  number={4},
  pages={386--388},
  year={2005},
  publisher={Oxford University Press}
}

@article{lioret2007child,
  title={Child overweight in France and its relationship with physical activity, sedentary behaviour and socioeconomic status},
  author={Lioret, S and Maire, Bernard and Volatier, JL and Charles, MA},
  journal={European Journal of Clinical Nutrition},
  volume={61},
  number={4},
  pages={509},
  year={2007},
  publisher={Nature Publishing Group}
}

@article{lohman2006associations,
  title={Associations of body size and composition with physical activity in adolescent girls},
  author={Lohman, Timothy G and Ring, Kimberly and Schmitz, Kathryn H and Treuth, Margarita S and Loftin, Mark and Yang, Song and Sothern, Melinda and Going, Scott},
  journal={Medicine and science in sports and exercise},
  volume={38},
  number={6},
  pages={1175},
  year={2006},
  publisher={NIH Public Access}
}

@article{o2006socio,
  title={Socio-cognitive and nutritional factors associated with body mass index in children and adolescents: possibilities for childhood obesity prevention},
  author={O'Dea, Jennifer A and Wilson, Rachel},
  journal={Health education research},
  volume={21},
  number={6},
  pages={796--805},
  year={2006},
  publisher={Oxford University Press}
}

@article{bosma1999social,
  title={Social class in childhood and general health in adulthood: questionnaire study of contribution of psychological attributes},
  author={Bosma, Hans and van de Mheen, H Dike and Mackenbach, Johan P},
  journal={Bmj},
  volume={318},
  number={7175},
  pages={18--22},
  year={1999},
  publisher={British Medical Journal Publishing Group}
}

@article{korner2003influence,
  title={The influence of socio-demographic factors on personality dimensions in the elderly},
  author={K{\"o}rner, A and Geyer, Michael and Gunzelmann, Thomas and Br{\"a}hler, E},
  journal={Zeitschrift fur Gerontologie und Geriatrie},
  volume={36},
  number={2},
  pages={130--137},
  year={2003}
}

@article{barefoot1991hostility,
  title={Hostility patterns and health implications: correlates of Cook-Medley Hostility Scale scores in a national survey.},
  author={Barefoot, John C and Peterson, Bercedis L and Dahlstrom, W Grant and Siegler, Ilene C and Anderson, Norman B and Williams Jr, Redford B},
  journal={Health Psychology},
  volume={10},
  number={1},
  pages={18},
  year={1991},
  publisher={Lawrence Erlbaum Associates}
}

@article{kubzansky1999socioeconomic,
  title={Socioeconomic status, hostility, and risk factor clustering in the Normative Aging Study: any help from the concept of allostatic load?},
  author={Kubzansky, Laura D and Kawachi, Ichiro and Sparrow, David},
  journal={Annals of Behavioral Medicine},
  volume={21},
  number={4},
  pages={330--338},
  year={1999},
  publisher={Oxford University Press}
}

@article{delaney2012socioeconomic,
  title={Socioeconomic differences in early childhood time preferences},
  author={Delaney, Liam and Doyle, Orla},
  journal={Journal of Economic Psychology},
  volume={33},
  number={1},
  pages={237--247},
  year={2012},
  publisher={Elsevier}
}

@article{deckers2015does,
  title={How does socio-economic status shape a child's personality?},
  author={Deckers, Thomas and Falk, Armin and Kosse, Fabian and Schildberg-H{\"o}risch, Hannah},
  year={2015},
  publisher={IZA Discussion paper}
}

@article{bauer2014parental,
  title={Parental background and other-regarding preferences in children},
  author={Bauer, Michal and Chytilov{\'a}, Julie and Pertold-Gebicka, Barbara},
  journal={Experimental Economics},
  volume={17},
  number={1},
  pages={24--46},
  year={2014},
  publisher={Springer}
}

@article{duckworth2012does,
  title={Who does well in life? Conscientious adults excel in both objective and subjective success},
  author={Duckworth, Angela L and Weir, David R and Tsukayama, Eli and Kwok, David},
  journal={Frontiers in psychology},
  volume={3},
  pages={356},
  year={2012},
  publisher={Frontiers}
}

@article{barrick1991big,
  title={The big five personality dimensions and job performance: a meta-analysis},
  author={Barrick, Murray R and Mount, Michael K},
  journal={Personnel psychology},
  volume={44},
  number={1},
  pages={1--26},
  year={1991},
  publisher={Wiley Online Library}
}

@article{wilcox2011leave,
  title={Leave home without it? The effects of credit card debt and available credit on spending},
  author={Wilcox, Keith and Block, Lauren G and Eisenstein, Eric M},
  journal={Journal of Marketing Research},
  volume={48},
  number={SPL},
  pages={S78--S90},
  year={2011},
  publisher={SAGE Publications Sage CA: Los Angeles, CA}
}

@article{larson2002meta,
  title={Meta-analyses of Big Six interests and Big Five personality factors},
  author={Larson, Lisa M and Rottinghaus, Patrick J and Borgen, Fred H},
  journal={Journal of Vocational Behavior},
  volume={61},
  number={2},
  pages={217--239},
  year={2002},
  publisher={Elsevier}
}

@article{lodi2007social,
  title={Social investment and personality: A meta-analysis of the relationship of personality traits to investment in work, family, religion, and volunteerism},
  author={Lodi-Smith, Jennifer and Roberts, Brent W},
  journal={Personality and social psychology review},
  volume={11},
  number={1},
  pages={68--86},
  year={2007},
  publisher={Sage Publications Sage CA: Thousand Oaks, CA}
}

@article{merikangas2010prevalence,
  title={Prevalence and treatment of mental disorders among US children in the 2001--2004 NHANES},
  author={Merikangas, Kathleen Ries and He, Jian-Ping and Brody, Debra and Fisher, Prudence W and Bourdon, Karen and Koretz, Doreen S},
  journal={Pediatrics},
  volume={125},
  number={1},
  pages={75--81},
  year={2010},
  publisher={Am Acad Pediatrics}
}

@article{lipina2005performance,
  title={Performance on the A-not-B task of Argentinean infants from unsatisfied and satisfied basic needs homes},
  author={Lipina, Sebasti{\'a}n J and Martelli, Mar{\'\i}a I and Vuelta, Beatriz and Colombo, Jorge A},
  journal={Interamerican journal of psychology},
  volume={39},
  number={1},
  pages={49--60},
  year={2005},
  publisher={Sociedad Interamericana de Psicolog{\'\i}a}
}

@article{blair2011salivary,
  title={Salivary cortisol mediates effects of poverty and parenting on executive functions in early childhood},
  author={Blair, Clancy and Granger, Douglas A and Willoughby, Michael and Mills-Koonce, Roger and Cox, Martha and Greenberg, Mark T and Kivlighan, Katie T and Fortunato, Christine K and FLP Investigators},
  journal={Child development},
  volume={82},
  number={6},
  pages={1970--1984},
  year={2011},
  publisher={Wiley Online Library}
}

@article{hughes2009tracking,
  title={Tracking executive function across the transition to school: A latent variable approach},
  author={Hughes, Claire and Ensor, Rosie and Wilson, Anji and Graham, Andrew},
  journal={Developmental neuropsychology},
  volume={35},
  number={1},
  pages={20--36},
  year={2009},
  publisher={Taylor \& Francis}
}

@article{mezzacappa2004alerting,
  title={Alerting, orienting, and executive attention: Developmental properties and sociodemographic correlates in an epidemiological sample of young, urban children},
  author={Mezzacappa, Enrico},
  journal={Child development},
  volume={75},
  number={5},
  pages={1373--1386},
  year={2004},
  publisher={Wiley Online Library}
}

@article{haworth2010heritability,
  title={The heritability of general cognitive ability increases linearly from childhood to young adulthood},
  author={Haworth, Catherine MA and Wright, Margaret J and Luciano, Michelle and Martin, Nicholas G and de Geus, Eco JC and van Beijsterveldt, Catharina EM and Bartels, M and Posthuma, D and Boomsma, DI and Davis, OSP and others},
  journal={Molecular psychiatry},
  volume={15},
  number={11},
  pages={1112},
  year={2010},
  publisher={Nature Publishing Group}
}

@article{conger2007interactionist,
  title={An interactionist perspective on the socioeconomic context of human development},
  author={Conger, Rand D and Donnellan, M Brent},
  journal={Annu. Rev. Psychol.},
  volume={58},
  pages={175--199},
  year={2007},
  publisher={Annual Reviews}
}

@article{provencher2008personality,
  title={Personality traits in overweight and obese women: Associations with BMI and eating behaviors},
  author={Provencher, V{\'e}ronique and B{\'e}gin, Catherine and Gagnon-Girouard, Marie-Pierre and Tremblay, Angelo and Boivin, Sonia and Lemieux, Simone},
  journal={Eating behaviors},
  volume={9},
  number={3},
  pages={294--302},
  year={2008},
  publisher={Elsevier}
}

@article{condon2018sapa,
  title={The SAPA Personality Inventory: An empirically-derived, hierarchically-organized self-report personality assessment model},
  author={Condon, David M},
  year={2018},
  publisher={PsyArXiv}
}

@article{centers2000cdc,
  title={CDC growth charts for the United States: methods and development},
  author={Centers for Disease Control and Prevention and others},
  journal={Vital and Health Statistics},
  volume={11},
  number={246},
  pages={1--190},
  year={2000}
}